<?xml version="1.0" encoding="UTF-8"?>
<collection xmlns:xsi="http://www.w3.org/2001/XMLSchema-instance" xsi:schemaLocation="http://www.loc.gov/MARC21/slim http://www.loc.gov/standards/marcxml/schema/MARC21slim.xsd" xmlns="http://www.loc.gov/MARC21/slim">
<record>
  <leader>00548cam a2200193 u 4500</leader>
  <controlfield tag="001">644537</controlfield>
  <controlfield tag="003">NNC</controlfield>
  <controlfield tag="005">20100307232205.0</controlfield>
  <controlfield tag="008">880427s1925    ua ||||||||| |||||||ara |</controlfield>
  <datafield tag="035" ind1=" " ind2=" ">
    <subfield code="a">(OCoLC)506941623</subfield>
  </datafield>
  <datafield tag="035" ind1=" " ind2=" ">
    <subfield code="a">(OCoLC)ocn506941623</subfield>
  </datafield>
  <datafield tag="035" ind1=" " ind2=" ">
    <subfield code="a">(CStRLIN)NYCG88-B30212</subfield>
  </datafield>
  <datafield tag="035" ind1=" " ind2=" ">
    <subfield code="9">ACV1445CU</subfield>
  </datafield>
  <datafield tag="035" ind1=" " ind2=" ">
    <subfield code="a">(NNC)644537</subfield>
  </datafield>
  <datafield tag="100" ind1="2" ind2="0">
    <subfield code="a">Abu Shujaʻ al-Isfahani, Ahmad ibn al-Husayn,</subfield>
    <subfield code="d">b. ca. 1042.</subfield>
  </datafield>
  <datafield tag="240" ind1=" " ind2="0">
    <subfield code="a">Ghayah wa-al-taqrib</subfield>
  </datafield>
  <datafield tag="245" ind1="1" ind2="0">
    <subfield code="a">Hadha matn al-ghayah wa-al-taqrib.</subfield>
  </datafield>
  <datafield tag="260" ind1=" " ind2=" ">
    <subfield code="a">Misr :</subfield>
    <subfield code="b">Muhammad Fahmi Husayn,</subfield>
    <subfield code="c">1925.</subfield>
  </datafield>
  <datafield tag="300" ind1=" " ind2=" ">
    <subfield code="a">48 p.</subfield>
  </datafield>
  <datafield tag="955" ind1=" " ind2=" ">
    <subfield code="b">CU59574658</subfield>
    <subfield code="d">off,glx</subfield>
    <subfield code="e">ME06396</subfield>
  </datafield>
</record>
</collection>